@book{cormen2009,
  title={Introduction to algorithms},
  author={Cormen, Thomas H and Leiserson, Charles E and Rivest, Ronald L and Stein, Clifford},
  year={2009},
  publisher={MIT press}
}

@book{goodrich2006,
  title={Algorithm design: foundation, analysis and internet examples},
  author={Goodrich, Michael T and Tamassia, Roberto},
  year={2006},
  publisher={John Wiley \& Sons}
}

@misc{duke,
author = {Duke University},
title = {Big-Oh for Recursive Functions: Recurrence Relations},
howpublished = "url{http://www.cs.duke.edu/~ola/ap/recurrence.html}",
urldate = {12-04-2020}
}



@misc{massacusets,
author = {Massachusetts Institute of Technology (MIT)},
title = {Master Theorem: Practice Problems and Solutions},
howpublished = "url{http://www.csail.mit.edu/~thies/6.046-web/master.pdf}",
urldate = {12-04-2020}
}